{1:F01DUMMYBANKXXXX0000000000}
{2:I940RECEIVERXXXXN}
{4;
:20:TRX202607230001
:25:1234567890123456
:28C:00001/001
:60F:C250101IDR10000000,00
:61:2511281128D50000,00NTRFNONREF//000001
:86:TRANSFER KELUAR
PENERIMA: PT MAJU JAYA
KETERANGAN: INV-001
:61:2503160316C1500000,00NTRFNONREF//000002
:86:TRANSFER MASUK
PENGIRIM: PT SINAR
KETERANGAN: INV-002
:61:2503010301C2500000,00NTRFNONREF//000003
:86:TRANSFER MASUK
PENGIRIM: PT MAJU JAYA
KETERANGAN: INV-003
:61:2503300330D300000,00NTRFNONREF//000004
:86:TRANSFER KELUAR
PENERIMA: PT GARUDA TEKNO
KETERANGAN: INV-004
:61:2504030403D500000,00NTRFNONREF//000005
:86:TRANSFER KELUAR
PENERIMA: PT NUSANTARA
KETERANGAN: INV-005
:61:2505070507C90000,00NTRFNONREF//000006
:86:TRANSFER MASUK
PENGIRIM: PT NUSANTARA
KETERANGAN: INV-006
:61:2503050305C600000,00NTRFNONREF//000007
:86:TRANSFER MASUK
PENGIRIM: PT MAJU JAYA
KETERANGAN: INV-007
:61:2508150815C5000,00NTRFNONREF//000008
:86:TRANSFER MASUK
PENGIRIM: CV SENTOSA
KETERANGAN: INV-008
:61:2510241024D300000,00NTRFNONREF//000009
:86:TRANSFER KELUAR
PENERIMA: PT ABADI
KETERANGAN: INV-009
:61:2511121112C500000,00NTRFNONREF//000010
:86:TRANSFER MASUK
PENGIRIM: CV SENTOSA
KETERANGAN: INV-010
:61:2504160416C600000,00NTRFNONREF//000011
:86:TRANSFER MASUK
PENGIRIM: PT GARUDA TEKNO
KETERANGAN: INV-011
:61:2601170117C35000,00NTRFNONREF//000012
:86:TRANSFER MASUK
PENGIRIM: PT ABADI
KETERANGAN: INV-012
:61:2503030303D600000,00NTRFNONREF//000013
:86:TRANSFER KELUAR
PENERIMA: PT ASTRA DIGITAL
KETERANGAN: INV-013
:61:2603140314D1250000,00NTRFNONREF//000014
:86:TRANSFER KELUAR
PENERIMA: PT NUSANTARA
KETERANGAN: INV-014
:61:2604100410D250000,00NTRFNONREF//000015
:86:TRANSFER KELUAR
PENERIMA: CV SENTOSA
KETERANGAN: INV-015
:61:2509070907C35000,00NTRFNONREF//000016
:86:TRANSFER MASUK
PENGIRIM: PT ASTRA DIGITAL
KETERANGAN: INV-016
:61:2605220522D2500000,00NTRFNONREF//000017
:86:TRANSFER KELUAR
PENERIMA: CV KARYA
KETERANGAN: INV-017
:61:2510221022C600000,00NTRFNONREF//000018
:86:TRANSFER MASUK
PENGIRIM: PT ABADI
KETERANGAN: INV-018
:61:2606090609D300000,00NTRFNONREF//000019
:86:TRANSFER KELUAR
PENERIMA: PT SINAR
KETERANGAN: INV-019
:61:2506050605C2500000,00NTRFNONREF//000020
:86:TRANSFER MASUK
PENGIRIM: PT MAJU JAYA
KETERANGAN: INV-020
:61:2503210321C1250000,00NTRFNONREF//000021
:86:TRANSFER MASUK
PENGIRIM: PT SINAR
KETERANGAN: INV-021
:61:2512151215D900000,00NTRFNONREF//000022
:86:TRANSFER KELUAR
PENERIMA: CV KARYA
KETERANGAN: INV-022
:61:2604130413C35000,00NTRFNONREF//000023
:86:TRANSFER MASUK
PENGIRIM: UD MAKMUR
KETERANGAN: INV-023
:61:2605010501C900000,00NTRFNONREF//000024
:86:TRANSFER MASUK
PENGIRIM: PT MAJU JAYA
KETERANGAN: INV-024
:61:2511141114C750000,00NTRFNONREF//000025
:86:TRANSFER MASUK
PENGIRIM: CV KARYA
KETERANGAN: INV-025
:61:2510191019D900000,00NTRFNONREF//000026
:86:TRANSFER KELUAR
PENERIMA: PT SINAR
KETERANGAN: INV-026
:61:2501240124D450000,00NTRFNONREF//000027
:86:TRANSFER KELUAR
PENERIMA: PT NUSANTARA
KETERANGAN: INV-027
:61:2504300430D450000,00NTRFNONREF//000028
:86:TRANSFER KELUAR
PENERIMA: UD MAKMUR
KETERANGAN: INV-028
:61:2505130513D900000,00NTRFNONREF//000029
:86:TRANSFER KELUAR
PENERIMA: PT PRIMA
KETERANGAN: INV-029
:61:2605240524D35000,00NTRFNONREF//000030
:86:TRANSFER KELUAR
PENERIMA: PT PRIMA
KETERANGAN: INV-030
:61:2607170717C150000,00NTRFNONREF//000031
:86:TRANSFER MASUK
PENGIRIM: PT PRIMA
KETERANGAN: INV-031
:61:2607180718C150000,00NTRFNONREF//000032
:86:TRANSFER MASUK
PENGIRIM: PT SINAR
KETERANGAN: INV-032
:61:2601250125D90000,00NTRFNONREF//000033
:86:TRANSFER KELUAR
PENERIMA: CV SENTOSA
KETERANGAN: INV-033
:61:2506040604C90000,00NTRFNONREF//000034
:86:TRANSFER MASUK
PENGIRIM: PT MAJU JAYA
KETERANGAN: INV-034
:61:2605120512C1500000,00NTRFNONREF//000035
:86:TRANSFER MASUK
PENGIRIM: UD MAKMUR
KETERANGAN: INV-035
:61:2510161016D5000,00NTRFNONREF//000036
:86:TRANSFER KELUAR
PENERIMA: PT ASTRA DIGITAL
KETERANGAN: INV-036
:61:2601140114C600000,00NTRFNONREF//000037
:86:TRANSFER MASUK
PENGIRIM: CV SENTOSA
KETERANGAN: INV-037
:61:2606120612C600000,00NTRFNONREF//000038
:86:TRANSFER MASUK
PENGIRIM: PT MAJU JAYA
KETERANGAN: INV-038
:61:2604130413C2500000,00NTRFNONREF//000039
:86:TRANSFER MASUK
PENGIRIM: PT ASTRA DIGITAL
KETERANGAN: INV-039
:61:2602060206D300000,00NTRFNONREF//000040
:86:TRANSFER KELUAR
PENERIMA: PT ABADI
KETERANGAN: INV-040
:61:2605090509D750000,00NTRFNONREF//000041
:86:TRANSFER KELUAR
PENERIMA: PT GARUDA TEKNO
KETERANGAN: INV-041
:61:2503100310D90000,00NTRFNONREF//000042
:86:TRANSFER KELUAR
PENERIMA: PT ABADI
KETERANGAN: INV-042
:61:2512151215D600000,00NTRFNONREF//000043
:86:TRANSFER KELUAR
PENERIMA: PT MAJU JAYA
KETERANGAN: INV-043
:61:2506040604D500000,00NTRFNONREF//000044
:86:TRANSFER KELUAR
PENERIMA: PT SINAR
KETERANGAN: INV-044
:61:2501270127C35000,00NTRFNONREF//000045
:86:TRANSFER MASUK
PENGIRIM: PT NUSANTARA
KETERANGAN: INV-045
:61:2601210121C50000,00NTRFNONREF//000046
:86:TRANSFER MASUK
PENGIRIM: PT SINAR
KETERANGAN: INV-046
:61:2601080108D450000,00NTRFNONREF//000047
:86:TRANSFER KELUAR
PENERIMA: CV KARYA
KETERANGAN: INV-047
:61:2604230423C450000,00NTRFNONREF//000048
:86:TRANSFER MASUK
PENGIRIM: PT ABADI
KETERANGAN: INV-048
:61:2505280528C35000,00NTRFNONREF//000049
:86:TRANSFER MASUK
PENGIRIM: UD MAKMUR
KETERANGAN: INV-049
:61:2605060506C1500000,00NTRFNONREF//000050
:86:TRANSFER MASUK
PENGIRIM: PT ASTRA DIGITAL
KETERANGAN: INV-050
:61:2501240124C90000,00NTRFNONREF//000051
:86:TRANSFER MASUK
PENGIRIM: PT ASTRA DIGITAL
KETERANGAN: INV-051
:61:2601060106C50000,00NTRFNONREF//000052
:86:TRANSFER MASUK
PENGIRIM: PT MAJU JAYA
KETERANGAN: INV-052
:61:2606250625C150000,00NTRFNONREF//000053
:86:TRANSFER MASUK
PENGIRIM: PT ABADI
KETERANGAN: INV-053
:61:2509250925D500000,00NTRFNONREF//000054
:86:TRANSFER KELUAR
PENERIMA: CV SENTOSA
KETERANGAN: INV-054
:61:2512311231D1250000,00NTRFNONREF//000055
:86:TRANSFER KELUAR
PENERIMA: PT ASTRA DIGITAL
KETERANGAN: INV-055
:61:2605300530C250000,00NTRFNONREF//000056
:86:TRANSFER MASUK
PENGIRIM: PT NUSANTARA
KETERANGAN: INV-056
:61:2507190719D1250000,00NTRFNONREF//000057
:86:TRANSFER KELUAR
PENERIMA: PT PRIMA
KETERANGAN: INV-057
:61:2508210821C90000,00NTRFNONREF//000058
:86:TRANSFER MASUK
PENGIRIM: PT SINAR
KETERANGAN: INV-058
:61:2501300130C5000,00NTRFNONREF//000059
:86:TRANSFER MASUK
PENGIRIM: CV KARYA
KETERANGAN: INV-059
:61:2509230923C90000,00NTRFNONREF//000060
:86:TRANSFER MASUK
PENGIRIM: PT SINAR
KETERANGAN: INV-060
:61:2604030403C1250000,00NTRFNONREF//000061
:86:TRANSFER MASUK
PENGIRIM: PT SINAR
KETERANGAN: INV-061
:61:2601090109D35000,00NTRFNONREF//000062
:86:TRANSFER KELUAR
PENERIMA: PT GARUDA TEKNO
KETERANGAN: INV-062
:61:2604270427D90000,00NTRFNONREF//000063
:86:TRANSFER KELUAR
PENERIMA: CV KARYA
KETERANGAN: INV-063
:61:2501020102C450000,00NTRFNONREF//000064
:86:TRANSFER MASUK
PENGIRIM: PT SINAR
KETERANGAN: INV-064
:61:2503280328C1500000,00NTRFNONREF//000065
:86:TRANSFER MASUK
PENGIRIM: PT PRIMA
KETERANGAN: INV-065
:61:2507240724C450000,00NTRFNONREF//000066
:86:TRANSFER MASUK
PENGIRIM: PT PRIMA
KETERANGAN: INV-066
:61:2512071207C35000,00NTRFNONREF//000067
:86:TRANSFER MASUK
PENGIRIM: PT PRIMA
KETERANGAN: INV-067
:61:2604200420C300000,00NTRFNONREF//000068
:86:TRANSFER MASUK
PENGIRIM: PT ABADI
KETERANGAN: INV-068
:61:2506120612C50000,00NTRFNONREF//000069
:86:TRANSFER MASUK
PENGIRIM: PT MAJU JAYA
KETERANGAN: INV-069
:61:2506040604C600000,00NTRFNONREF//000070
:86:TRANSFER MASUK
PENGIRIM: CV SENTOSA
KETERANGAN: INV-070
:61:2605010501C750000,00NTRFNONREF//000071
:86:TRANSFER MASUK
PENGIRIM: CV SENTOSA
KETERANGAN: INV-071
:61:2607160716D500000,00NTRFNONREF//000072
:86:TRANSFER KELUAR
PENERIMA: PT MAJU JAYA
KETERANGAN: INV-072
:61:2504160416C500000,00NTRFNONREF//000073
:86:TRANSFER MASUK
PENGIRIM: CV SENTOSA
KETERANGAN: INV-073
:61:2603210321D1500000,00NTRFNONREF//000074
:86:TRANSFER KELUAR
PENERIMA: PT GARUDA TEKNO
KETERANGAN: INV-074
:61:2501290129D150000,00NTRFNONREF//000075
:86:TRANSFER KELUAR
PENERIMA: PT ASTRA DIGITAL
KETERANGAN: INV-075
:61:2509040904C1250000,00NTRFNONREF//000076
:86:TRANSFER MASUK
PENGIRIM: UD MAKMUR
KETERANGAN: INV-076
:61:2607120712C300000,00NTRFNONREF//000077
:86:TRANSFER MASUK
PENGIRIM: PT MAJU JAYA
KETERANGAN: INV-077
:61:2512291229C2500000,00NTRFNONREF//000078
:86:TRANSFER MASUK
PENGIRIM: PT NUSANTARA
KETERANGAN: INV-078
:61:2606140614C300000,00NTRFNONREF//000079
:86:TRANSFER MASUK
PENGIRIM: PT ASTRA DIGITAL
KETERANGAN: INV-079
:61:2505140514D500000,00NTRFNONREF//000080
:86:TRANSFER KELUAR
PENERIMA: PT ASTRA DIGITAL
KETERANGAN: INV-080
:61:2501200120D1500000,00NTRFNONREF//000081
:86:TRANSFER KELUAR
PENERIMA: CV SENTOSA
KETERANGAN: INV-081
:61:2501050105C1250000,00NTRFNONREF//000082
:86:TRANSFER MASUK
PENGIRIM: CV SENTOSA
KETERANGAN: INV-082
:61:2505250525C450000,00NTRFNONREF//000083
:86:TRANSFER MASUK
PENGIRIM: PT ABADI
KETERANGAN: INV-083
:61:2607240724D5000,00NTRFNONREF//000084
:86:TRANSFER KELUAR
PENERIMA: PT ASTRA DIGITAL
KETERANGAN: INV-084
:61:2606280628C500000,00NTRFNONREF//000085
:86:TRANSFER MASUK
PENGIRIM: PT ABADI
KETERANGAN: INV-085
:61:2607280728D5000,00NTRFNONREF//000086
:86:TRANSFER KELUAR
PENERIMA: UD MAKMUR
KETERANGAN: INV-086
:61:2502130213D1250000,00NTRFNONREF//000087
:86:TRANSFER KELUAR
PENERIMA: CV KARYA
KETERANGAN: INV-087
:61:2607300730C5000,00NTRFNONREF//000088
:86:TRANSFER MASUK
PENGIRIM: PT ABADI
KETERANGAN: INV-088
:61:2603300330C250000,00NTRFNONREF//000089
:86:TRANSFER MASUK
PENGIRIM: PT ASTRA DIGITAL
KETERANGAN: INV-089
:61:2606090609C90000,00NTRFNONREF//000090
:86:TRANSFER MASUK
PENGIRIM: CV KARYA
KETERANGAN: INV-090
:61:2606050605C500000,00NTRFNONREF//000091
:86:TRANSFER MASUK
PENGIRIM: PT ASTRA DIGITAL
KETERANGAN: INV-091
:61:2509110911C900000,00NTRFNONREF//000092
:86:TRANSFER MASUK
PENGIRIM: UD MAKMUR
KETERANGAN: INV-092
:61:2607270727C2500000,00NTRFNONREF//000093
:86:TRANSFER MASUK
PENGIRIM: CV KARYA
KETERANGAN: INV-093
:61:2505210521D300000,00NTRFNONREF//000094
:86:TRANSFER KELUAR
PENERIMA: CV KARYA
KETERANGAN: INV-094
:61:2511201120C35000,00NTRFNONREF//000095
:86:TRANSFER MASUK
PENGIRIM: PT PRIMA
KETERANGAN: INV-095
:61:2503160316C90000,00NTRFNONREF//000096
:86:TRANSFER MASUK
PENGIRIM: PT ABADI
KETERANGAN: INV-096
:61:2506080608C900000,00NTRFNONREF//000097
:86:TRANSFER MASUK
PENGIRIM: PT SINAR
KETERANGAN: INV-097
:61:2505270527C150000,00NTRFNONREF//000098
:86:TRANSFER MASUK
PENGIRIM: CV KARYA
KETERANGAN: INV-098
:61:2508130813C900000,00NTRFNONREF//000099
:86:TRANSFER MASUK
PENGIRIM: PT PRIMA
KETERANGAN: INV-099
:61:2605140514C50000,00NTRFNONREF//000100
:86:TRANSFER MASUK
PENGIRIM: PT GARUDA TEKNO
KETERANGAN: INV-100
:61:2506150615D900000,00NTRFNONREF//000101
:86:TRANSFER KELUAR
PENERIMA: PT ASTRA DIGITAL
KETERANGAN: INV-101
:61:2602180218D250000,00NTRFNONREF//000102
:86:TRANSFER KELUAR
PENERIMA: PT SINAR
KETERANGAN: INV-102
:61:2511231123C35000,00NTRFNONREF//000103
:86:TRANSFER MASUK
PENGIRIM: PT MAJU JAYA
KETERANGAN: INV-103
:61:2512131213C500000,00NTRFNONREF//000104
:86:TRANSFER MASUK
PENGIRIM: PT MAJU JAYA
KETERANGAN: INV-104
:61:2601290129C250000,00NTRFNONREF//000105
:86:TRANSFER MASUK
PENGIRIM: UD MAKMUR
KETERANGAN: INV-105
:61:2606090609D35000,00NTRFNONREF//000106
:86:TRANSFER KELUAR
PENERIMA: PT GARUDA TEKNO
KETERANGAN: INV-106
:61:2504180418D35000,00NTRFNONREF//000107
:86:TRANSFER KELUAR
PENERIMA: PT MAJU JAYA
KETERANGAN: INV-107
:61:2507050705C150000,00NTRFNONREF//000108
:86:TRANSFER MASUK
PENGIRIM: PT PRIMA
KETERANGAN: INV-108
:61:2509220922D300000,00NTRFNONREF//000109
:86:TRANSFER KELUAR
PENERIMA: PT ASTRA DIGITAL
KETERANGAN: INV-109
:61:2605220522D900000,00NTRFNONREF//000110
:86:TRANSFER KELUAR
PENERIMA: UD MAKMUR
KETERANGAN: INV-110
:61:2502280228C1250000,00NTRFNONREF//000111
:86:TRANSFER MASUK
PENGIRIM: PT PRIMA
KETERANGAN: INV-111
:61:2503160316C150000,00NTRFNONREF//000112
:86:TRANSFER MASUK
PENGIRIM: PT ABADI
KETERANGAN: INV-112
:61:2509240924C35000,00NTRFNONREF//000113
:86:TRANSFER MASUK
PENGIRIM: PT GARUDA TEKNO
KETERANGAN: INV-113
:61:2503100310C150000,00NTRFNONREF//000114
:86:TRANSFER MASUK
PENGIRIM: CV KARYA
KETERANGAN: INV-114
:61:2501120112C250000,00NTRFNONREF//000115
:86:TRANSFER MASUK
PENGIRIM: PT PRIMA
KETERANGAN: INV-115
:61:2510021002D600000,00NTRFNONREF//000116
:86:TRANSFER KELUAR
PENERIMA: PT ASTRA DIGITAL
KETERANGAN: INV-116
:61:2509020902C35000,00NTRFNONREF//000117
:86:TRANSFER MASUK
PENGIRIM: UD MAKMUR
KETERANGAN: INV-117
:61:2502210221D50000,00NTRFNONREF//000118
:86:TRANSFER KELUAR
PENERIMA: UD MAKMUR
KETERANGAN: INV-118
:61:2511091109C500000,00NTRFNONREF//000119
:86:TRANSFER MASUK
PENGIRIM: UD MAKMUR
KETERANGAN: INV-119
:61:2604020402C500000,00NTRFNONREF//000120
:86:TRANSFER MASUK
PENGIRIM: UD MAKMUR
KETERANGAN: INV-120
:61:2512221222D1250000,00NTRFNONREF//000121
:86:TRANSFER KELUAR
PENERIMA: UD MAKMUR
KETERANGAN: INV-121
:61:2502070207D5000,00NTRFNONREF//000122
:86:TRANSFER KELUAR
PENERIMA: PT ASTRA DIGITAL
KETERANGAN: INV-122
:61:2607190719C90000,00NTRFNONREF//000123
:86:TRANSFER MASUK
PENGIRIM: PT GARUDA TEKNO
KETERANGAN: INV-123
:61:2604030403C35000,00NTRFNONREF//000124
:86:TRANSFER MASUK
PENGIRIM: PT PRIMA
KETERANGAN: INV-124
:61:2605220522C500000,00NTRFNONREF//000125
:86:TRANSFER MASUK
PENGIRIM: PT PRIMA
KETERANGAN: INV-125
:61:2606030603C150000,00NTRFNONREF//000126
:86:TRANSFER MASUK
PENGIRIM: PT GARUDA TEKNO
KETERANGAN: INV-126
:61:2512171217C90000,00NTRFNONREF//000127
:86:TRANSFER MASUK
PENGIRIM: CV SENTOSA
KETERANGAN: INV-127
:61:2602190219C250000,00NTRFNONREF//000128
:86:TRANSFER MASUK
PENGIRIM: CV SENTOSA
KETERANGAN: INV-128
:61:2501150115C35000,00NTRFNONREF//000129
:86:TRANSFER MASUK
PENGIRIM: UD MAKMUR
KETERANGAN: INV-129
:61:2603180318D50000,00NTRFNONREF//000130
:86:TRANSFER KELUAR
PENERIMA: PT PRIMA
KETERANGAN: INV-130
:61:2606030603C750000,00NTRFNONREF//000131
:86:TRANSFER MASUK
PENGIRIM: PT NUSANTARA
KETERANGAN: INV-131
:61:2509060906D900000,00NTRFNONREF//000132
:86:TRANSFER KELUAR
PENERIMA: CV KARYA
KETERANGAN: INV-132
:61:2507090709D50000,00NTRFNONREF//000133
:86:TRANSFER KELUAR
PENERIMA: PT MAJU JAYA
KETERANGAN: INV-133
:61:2509270927C250000,00NTRFNONREF//000134
:86:TRANSFER MASUK
PENGIRIM: PT ASTRA DIGITAL
KETERANGAN: INV-134
:61:2511281128D90000,00NTRFNONREF//000135
:86:TRANSFER KELUAR
PENERIMA: UD MAKMUR
KETERANGAN: INV-135
:61:2508120812D250000,00NTRFNONREF//000136
:86:TRANSFER KELUAR
PENERIMA: PT SINAR
KETERANGAN: INV-136
:61:2601260126C35000,00NTRFNONREF//000137
:86:TRANSFER MASUK
PENGIRIM: PT ASTRA DIGITAL
KETERANGAN: INV-137
:61:2507250725C90000,00NTRFNONREF//000138
:86:TRANSFER MASUK
PENGIRIM: PT MAJU JAYA
KETERANGAN: INV-138
:61:2504040404C150000,00NTRFNONREF//000139
:86:TRANSFER MASUK
PENGIRIM: CV SENTOSA
KETERANGAN: INV-139
:61:2602140214D600000,00NTRFNONREF//000140
:86:TRANSFER KELUAR
PENERIMA: PT MAJU JAYA
KETERANGAN: INV-140
:61:2511031103C150000,00NTRFNONREF//000141
:86:TRANSFER MASUK
PENGIRIM: PT ABADI
KETERANGAN: INV-141
:61:2606260626C1500000,00NTRFNONREF//000142
:86:TRANSFER MASUK
PENGIRIM: PT NUSANTARA
KETERANGAN: INV-142
:61:2602030203D1250000,00NTRFNONREF//000143
:86:TRANSFER KELUAR
PENERIMA: CV KARYA
KETERANGAN: INV-143
:61:2506030603C150000,00NTRFNONREF//000144
:86:TRANSFER MASUK
PENGIRIM: CV SENTOSA
KETERANGAN: INV-144
:61:2502140214C1500000,00NTRFNONREF//000145
:86:TRANSFER MASUK
PENGIRIM: PT ASTRA DIGITAL
KETERANGAN: INV-145
:61:2603160316C900000,00NTRFNONREF//000146
:86:TRANSFER MASUK
PENGIRIM: PT ASTRA DIGITAL
KETERANGAN: INV-146
:61:2505230523C2500000,00NTRFNONREF//000147
:86:TRANSFER MASUK
PENGIRIM: PT ASTRA DIGITAL
KETERANGAN: INV-147
:61:2501170117C1500000,00NTRFNONREF//000148
:86:TRANSFER MASUK
PENGIRIM: PT GARUDA TEKNO
KETERANGAN: INV-148
:61:2503290329D5000,00NTRFNONREF//000149
:86:TRANSFER KELUAR
PENERIMA: PT SINAR
KETERANGAN: INV-149
:61:2504180418C300000,00NTRFNONREF//000150
:86:TRANSFER MASUK
PENGIRIM: PT ASTRA DIGITAL
KETERANGAN: INV-150
:61:2502210221D750000,00NTRFNONREF//000151
:86:TRANSFER KELUAR
PENERIMA: PT ASTRA DIGITAL
KETERANGAN: INV-151
:61:2509080908D450000,00NTRFNONREF//000152
:86:TRANSFER KELUAR
PENERIMA: CV KARYA
KETERANGAN: INV-152
:61:2503130313C900000,00NTRFNONREF//000153
:86:TRANSFER MASUK
PENGIRIM: PT ASTRA DIGITAL
KETERANGAN: INV-153
:61:2504050405C750000,00NTRFNONREF//000154
:86:TRANSFER MASUK
PENGIRIM: CV KARYA
KETERANGAN: INV-154
:61:2509160916D1250000,00NTRFNONREF//000155
:86:TRANSFER KELUAR
PENERIMA: UD MAKMUR
KETERANGAN: INV-155
:61:2508290829C900000,00NTRFNONREF//000156
:86:TRANSFER MASUK
PENGIRIM: PT GARUDA TEKNO
KETERANGAN: INV-156
:61:2604170417C450000,00NTRFNONREF//000157
:86:TRANSFER MASUK
PENGIRIM: PT ABADI
KETERANGAN: INV-157
:61:2605060506C2500000,00NTRFNONREF//000158
:86:TRANSFER MASUK
PENGIRIM: PT MAJU JAYA
KETERANGAN: INV-158
:61:2507230723C35000,00NTRFNONREF//000159
:86:TRANSFER MASUK
PENGIRIM: PT SINAR
KETERANGAN: INV-159
:61:2509180918C750000,00NTRFNONREF//000160
:86:TRANSFER MASUK
PENGIRIM: UD MAKMUR
KETERANGAN: INV-160
:61:2505170517C5000,00NTRFNONREF//000161
:86:TRANSFER MASUK
PENGIRIM: CV KARYA
KETERANGAN: INV-161
:61:2510031003D750000,00NTRFNONREF//000162
:86:TRANSFER KELUAR
PENERIMA: PT GARUDA TEKNO
KETERANGAN: INV-162
:61:2605170517C150000,00NTRFNONREF//000163
:86:TRANSFER MASUK
PENGIRIM: UD MAKMUR
KETERANGAN: INV-163
:61:2604210421C450000,00NTRFNONREF//000164
:86:TRANSFER MASUK
PENGIRIM: PT ABADI
KETERANGAN: INV-164
:61:2607170717D90000,00NTRFNONREF//000165
:86:TRANSFER KELUAR
PENERIMA: PT ABADI
KETERANGAN: INV-165
:61:2604300430D5000,00NTRFNONREF//000166
:86:TRANSFER KELUAR
PENERIMA: PT ABADI
KETERANGAN: INV-166
:61:2606030603C450000,00NTRFNONREF//000167
:86:TRANSFER MASUK
PENGIRIM: PT PRIMA
KETERANGAN: INV-167
:61:2508030803C2500000,00NTRFNONREF//000168
:86:TRANSFER MASUK
PENGIRIM: PT GARUDA TEKNO
KETERANGAN: INV-168
:61:2503180318D600000,00NTRFNONREF//000169
:86:TRANSFER KELUAR
PENERIMA: PT ASTRA DIGITAL
KETERANGAN: INV-169
:61:2509260926D250000,00NTRFNONREF//000170
:86:TRANSFER KELUAR
PENERIMA: PT ASTRA DIGITAL
KETERANGAN: INV-170
:61:2510141014D2500000,00NTRFNONREF//000171
:86:TRANSFER KELUAR
PENERIMA: PT SINAR
KETERANGAN: INV-171
:61:2508250825C450000,00NTRFNONREF//000172
:86:TRANSFER MASUK
PENGIRIM: CV KARYA
KETERANGAN: INV-172
:61:2602080208D5000,00NTRFNONREF//000173
:86:TRANSFER KELUAR
PENERIMA: CV KARYA
KETERANGAN: INV-173
:61:2604070407D300000,00NTRFNONREF//000174
:86:TRANSFER KELUAR
PENERIMA: CV SENTOSA
KETERANGAN: INV-174
:61:2603030303D250000,00NTRFNONREF//000175
:86:TRANSFER KELUAR
PENERIMA: PT ABADI
KETERANGAN: INV-175
:61:2512061206D5000,00NTRFNONREF//000176
:86:TRANSFER KELUAR
PENERIMA: PT SINAR
KETERANGAN: INV-176
:61:2602120212C35000,00NTRFNONREF//000177
:86:TRANSFER MASUK
PENGIRIM: PT GARUDA TEKNO
KETERANGAN: INV-177
:61:2501130113C2500000,00NTRFNONREF//000178
:86:TRANSFER MASUK
PENGIRIM: UD MAKMUR
KETERANGAN: INV-178
:61:2601170117D35000,00NTRFNONREF//000179
:86:TRANSFER KELUAR
PENERIMA: PT NUSANTARA
KETERANGAN: INV-179
:61:2503200320C250000,00NTRFNONREF//000180
:86:TRANSFER MASUK
PENGIRIM: UD MAKMUR
KETERANGAN: INV-180
:61:2502190219D150000,00NTRFNONREF//000181
:86:TRANSFER KELUAR
PENERIMA: UD MAKMUR
KETERANGAN: INV-181
:61:2506020602C90000,00NTRFNONREF//000182
:86:TRANSFER MASUK
PENGIRIM: PT PRIMA
KETERANGAN: INV-182
:61:2606080608D250000,00NTRFNONREF//000183
:86:TRANSFER KELUAR
PENERIMA: PT SINAR
KETERANGAN: INV-183
:61:2603150315D2500000,00NTRFNONREF//000184
:86:TRANSFER KELUAR
PENERIMA: PT PRIMA
KETERANGAN: INV-184
:61:2607220722D500000,00NTRFNONREF//000185
:86:TRANSFER KELUAR
PENERIMA: PT ABADI
KETERANGAN: INV-185
:61:2502200220C2500000,00NTRFNONREF//000186
:86:TRANSFER MASUK
PENGIRIM: CV KARYA
KETERANGAN: INV-186
:61:2505220522C750000,00NTRFNONREF//000187
:86:TRANSFER MASUK
PENGIRIM: CV KARYA
KETERANGAN: INV-187
:61:2502200220C2500000,00NTRFNONREF//000188
:86:TRANSFER MASUK
PENGIRIM: CV SENTOSA
KETERANGAN: INV-188
:61:2506240624D450000,00NTRFNONREF//000189
:86:TRANSFER KELUAR
PENERIMA: UD MAKMUR
KETERANGAN: INV-189
:61:2511011101C150000,00NTRFNONREF//000190
:86:TRANSFER MASUK
PENGIRIM: UD MAKMUR
KETERANGAN: INV-190
:61:2602200220D750000,00NTRFNONREF//000191
:86:TRANSFER KELUAR
PENERIMA: CV KARYA
KETERANGAN: INV-191
:61:2607250725D750000,00NTRFNONREF//000192
:86:TRANSFER KELUAR
PENERIMA: CV SENTOSA
KETERANGAN: INV-192
:61:2506150615D35000,00NTRFNONREF//000193
:86:TRANSFER KELUAR
PENERIMA: CV KARYA
KETERANGAN: INV-193
:61:2607180718C90000,00NTRFNONREF//000194
:86:TRANSFER MASUK
PENGIRIM: PT SINAR
KETERANGAN: INV-194
:61:2604060406D300000,00NTRFNONREF//000195
:86:TRANSFER KELUAR
PENERIMA: PT GARUDA TEKNO
KETERANGAN: INV-195
:61:2509070907D35000,00NTRFNONREF//000196
:86:TRANSFER KELUAR
PENERIMA: PT ASTRA DIGITAL
KETERANGAN: INV-196
:61:2504040404D250000,00NTRFNONREF//000197
:86:TRANSFER KELUAR
PENERIMA: UD MAKMUR
KETERANGAN: INV-197
:61:2507260726D2500000,00NTRFNONREF//000198
:86:TRANSFER KELUAR
PENERIMA: PT PRIMA
KETERANGAN: INV-198
:61:2601280128C300000,00NTRFNONREF//000199
:86:TRANSFER MASUK
PENGIRIM: PT GARUDA TEKNO
KETERANGAN: INV-199
:61:2601210121D150000,00NTRFNONREF//000200
:86:TRANSFER KELUAR
PENERIMA: PT MAJU JAYA
KETERANGAN: INV-200
:62F:C260731IDR38590000,00
-}